@incollection{Bengio+chapter2007,
author = {Bengio, Yoshua and LeCun, Yann},
booktitle = {Large Scale Kernel Machines},
publisher = {MIT Press},
title = {Scaling Learning Algorithms Towards {AI}},
year = {2007}
}

@article{Hinton06,
author = {Hinton, Geoffrey E. and Osindero, Simon and Teh, Yee Whye},
journal = {Neural Computation},
pages = {1527--1554},
title = {A Fast Learning Algorithm for Deep Belief Nets},
volume = {18},
year = {2006}
}

@inproceedings{YaSoKaIROS2016,
    title={Pop-up SLAM: Semantic monocular plane SLAM for low-texture environments},
    author={Yang, Shichao and Song, Yu and Kaess, Michael and Scherer, Sebastian},
    booktitle={Intelligent Robots and Systems (IROS), 2016 IEEE/RSJ International Conference on},
    pages={1222--1229},
    year={2016},
    organization={IEEE}
}
@inproceedings{engel2014lsd,
    title={LSD-SLAM: Large-scale direct monocular SLAM},
    author={Engel, Jakob and Sch{\"o}ps, Thomas and Cremers, Daniel},
    booktitle={European Conference on Computer Vision},
    pages={834--849},
    year={2014},
    organization={Springer}
}
