@comment{{This file has been generated by bib2bib 1.98}}

@comment{{Command line: /usr/bin/bib2bib -c '$key="NgYoClCVPR2015" or $key="KuCOGSCI1978" or $key="BeLeTeARXIV2016" or $key="MnKaSiNIPSDLW2013" or $key="SuBaBOOK1998" or $key="KaStJoNIPS2017" or $key="SmChIJRR1986" or $key="SiHuMaNATURE2016" or $key="MnBaMiICML2016" or $key="TeACM1995" or $key="OhChSiICML2016" or $key="KuSaGaAPA2016" or $key="MnKaSiNATURE2015" or $key="WiML1992" or $key="MiPaViICLR2017" or $key="LePaKrISER2017" or $key="ChLaSaNIPS2016" or $key="ZhMoKoICRA2017" or $key="ElCOMPUTER1980" or 1=2' /z/home/dhiman/wrk/group-bib/shared.bib ./main.bib ./main_filtered.bib}}

@inproceedings{OhChSiICML2016,
  title = {Control of Memory, Active Perception, and Action in
        Minecraft},
  author = {Oh, Junhyuk and Chockalingam, V. and Singh, S. and Lee, H.},
  venue = {ICML},
  year = {2016},
  booktitle = {International Conference on Machine Learning},
  local-url = {./pdf/OhChSiICML2016-Chockalingam+Singh+Lee-Control_of_Memory,_Active_Perception,_and_Action_in_Minecraft-0.pdf}
}

@book{SuBaBOOK1998,
  title = {Reinforcement learning: An introduction},
  author = {Sutton, Richard S and Barto, Andrew G},
  volume = {1},
  number = {1},
  year = {1998},
  publisher = {MIT press Cambridge}
}

@article{MiPaViICLR2017,
  author = {Piotr Mirowski and
               Razvan Pascanu and
               Fabio Viola and
               Hubert Soyer and
               Andrew J. Ballard and
               Andrea Banino and
               Misha Denil and
               Ross Goroshin and
               Laurent Sifre and
               Koray Kavukcuoglu and
               Dharshan Kumaran and
               Raia Hadsell},
  title = {Learning to Navigate in Complex Environments},
  journal = {CoRR},
  volume = {abs/1611.03673},
  year = {2016},
  url = {http://arxiv.org/abs/1611.03673},
  timestamp = {Thu, 01 Dec 2016 19:32:08 +0100},
  biburl = {http://dblp.uni-trier.de/rec/bib/journals/corr/MirowskiPVSBBDG16},
  bibsource = {dblp computer science bibliography, http://dblp.org},
  local-url = {./pdf/MiPaViICLR2017-Mirowski+Pascanu+Viola+Soyer+Ballard+Banino+Denil+Goroshin+Sifre+Kavukcuoglu+Kumaran+Hadsell-Learning_to_Navigate_in_Complex_Environments-0.pdf}
}

@article{MnKaSiNATURE2015,
  title = {Human-level control through deep reinforcement learning},
  author = {Mnih, Volodymyr and Kavukcuoglu, Koray and Silver, David and Rusu, Andrei A and Veness, Joel and Bellemare, Marc G and Graves, Alex and Riedmiller, Martin and Fidjeland, Andreas K and Ostrovski, Georg and others},
  journal = {Nature},
  volume = {518},
  number = {7540},
  pages = {529--533},
  year = {2015},
  publisher = {Nature Research}
}

@article{SiHuMaNATURE2016,
  title = {Mastering the game of Go with deep neural networks and tree search},
  author = {Silver, David and Huang, Aja and Maddison, Chris J and Guez, Arthur and Sifre, Laurent and Van Den Driessche, George and Schrittwieser, Julian and Antonoglou, Ioannis and Panneershelvam, Veda and Lanctot, Marc and others},
  journal = {Nature},
  volume = {529},
  number = {7587},
  pages = {484--489},
  year = {2016},
  publisher = {Nature Research}
}

@inproceedings{MnBaMiICML2016,
  title = {Asynchronous methods for deep reinforcement learning},
  author = {Mnih, Volodymyr and Badia, Adria Puigdomenech and Mirza, Mehdi and Graves, Alex and Lillicrap, Timothy and Harley, Tim and Silver, David and Kavukcuoglu, Koray},
  booktitle = {International Conference on Machine Learning},
  pages = {1928--1937},
  year = {2016}
}

@article{SmChIJRR1986,
  title = {On the representation and estimation of spatial uncertainty},
  author = {Smith, Randall C and Cheeseman, Peter},
  journal = {The international journal of Robotics Research},
  volume = {5},
  number = {4},
  pages = {56--68},
  year = {1986},
  publisher = {Sage Publications Sage CA: Thousand Oaks, CA}
}

@article{ElCOMPUTER1980,
  title = {Using occupancy grids for mobile robot perception and navigation},
  author = {Elfes, Alberto},
  journal = {Computer},
  volume = {22},
  number = {6},
  pages = {46--57},
  year = {1989},
  publisher = {IEEE}
}

@article{KuCOGSCI1978,
  title = {Modeling spatial knowledge},
  author = {Kuipers, Benjamin},
  journal = {Cognitive science},
  volume = {2},
  number = {2},
  pages = {129--153},
  year = {1978},
  publisher = {Wiley Online Library}
}

@incollection{MnKaSiNIPSDLW2013,
  title = {Playing Atari With Deep Reinforcement Learning},
  author = {Volodymyr Mnih and Koray Kavukcuoglu and David Silver and Alex Graves and Ioannis Antonoglou and Daan Wierstra and Martin Riedmiller},
  booktitle = {NIPS Deep Learning Workshop},
  publisher = {NIPS},
  year = {2013}
}

@article{TeACM1995,
  author = {Tesauro, Gerald},
  title = {Temporal Difference Learning and TD-Gammon},
  journal = {Commun. ACM},
  issue_date = {March 1995},
  volume = {38},
  number = {3},
  month = mar,
  year = {1995},
  issn = {0001-0782},
  pages = {58--68},
  numpages = {11},
  url = {http://doi.acm.org/10.1145/203330.203343},
  doi = {10.1145/203330.203343},
  acmid = {203343},
  publisher = {ACM},
  address = {New York, NY, USA}
}

@inbook{LePaKrISER2017,
  author = {Levine, Sergey
and Pastor, Peter
and Krizhevsky, Alex
and Quillen, Deirdre},
  editor = {Kuli{\'{c}}, Dana
and Nakamura, Yoshihiko
and Khatib, Oussama
and Venture, Gentiane},
  title = {Learning Hand-Eye Coordination for Robotic Grasping with Large-Scale Data Collection},
  booktitle = {2016 International Symposium on Experimental Robotics},
  year = {2017},
  publisher = {Springer International Publishing},
  address = {Cham},
  pages = {173--184},
  isbn = {978-3-319-50115-4},
  doi = {10.1007/978-3-319-50115-4_16},
  url = {https://doi.org/10.1007/978-3-319-50115-4_16}
}

@inproceedings{KaStJoNIPS2017,
  title = {In-Hand Robotic Manipulation via Deep Reinforcement Learning},
  author = {Katyal, Kapil D and Staley, Edward W and Johannes, Matthew S and Wang, I-Jeng and Reiter, Austin and Burlina, Phillipe},
  venue = {NIPS},
  year = {2017},
  booktitle = {Advances in Neural Information Processing Systems}
}

@article{BeLeTeARXIV2016,
  title = {Deepmind Lab},
  author = {Beattie, Charles and Leibo, Joel Z and Teplyashin, Denis and Ward, Tom and Wainwright, Marcus and K{\"u}ttler, Heinrich and Lefrancq, Andrew and Green, Simon and Vald{\'e}s, V{\'\i}ctor and Sadik, Amir and others},
  journal = {arXiv preprint arXiv:1612.03801},
  year = {2016}
}

@inproceedings{NgYoClCVPR2015,
  author = {Nguyen, Anh and Yosinski, Jason and Clune, Jeff},
  booktitle = {2015 IEEE Conference on Computer Vision and Pattern Recognition (CVPR)},
  title = {Deep neural networks are easily fooled: High confidence predictions for unrecognizable images},
  year = {2015},
  pages = {427-436},
  doi = {10.1109/CVPR.2015.7298640},
  issn = {1063-6919},
  month = {June}
}

@article{WiML1992,
  author = {Williams, Ronald J.},
  title = {Simple statistical gradient-following algorithms for connectionist reinforcement learning},
  journal = {Machine Learning},
  year = {1992},
  month = {May},
  day = {01},
  volume = {8},
  number = {3},
  pages = {229--256},
  issn = {1573-0565},
  doi = {10.1007/BF00992696},
  url = {https://doi.org/10.1007/BF00992696}
}

@article{ChLaSaNIPS2016,
  author = {Chaplot, Devendra Singh and Lample, Guillaume and Sathyendra, Kanthashree Mysore and Salakhutdinov, Ruslan},
  title = {Transfer Deep Reinforcement Learning in 3D Environments: An Empirical Study},
  venue = {NIPS},
  year = {2016}
}

@inproceedings{ZhMoKoICRA2017,
  author = {Zhu, Yuke and Mottaghi, Roozbeh and Kolve, Eric and Lim, Joseph J and Gupta, Abhinav and Fei-Fei, Li and Farhadi, Ali},
  booktitle = {Robotics and Automation (ICRA), 2017 IEEE International Conference on},
  organization = {IEEE},
  pages = {3357--3364},
  title = {Target-driven visual navigation in indoor scenes using deep reinforcement learning},
  venue = {ICRA},
  year = {2017}
}

@article{KuSaGaAPA2016,
  author = {Kulkarni, Tejas D and Saeedi, Ardavan and Gautam, Simanta and Gershman, Samuel J},
  journal = {arXiv preprint arXiv:1606.02396},
  title = {Deep successor reinforcement learning},
  venue = {APA},
  year = {2016}
}

